
<record>
<controlfield tag="001">FIX</controlfield>
<datafield tag="100" ind1=" " ind2=" ">
<subfield code="a">Adam-Bourdarios, Claire</subfield>
</datafield>
<datafield tag="245" ind1=" " ind2=" ">
<subfield code="a">Learning to discover: the Higgs boson machine learning challenge</subfield>
</datafield>
<datafield tag="260" ind1=" " ind2=" ">
<subfield code="b">CNRS National Institute of Nuclear and Particle Physics (IN2P3)</subfield>
<subfield code="c">2014</subfield>
</datafield>
<datafield tag="520" ind1=" " ind2=" ">
<subfield code="a">The Higgs boson machine learning challenge (HiggsML or Challenge in short) has been set up to promote collaboration between high energy physicists and data scientists. The ATLAS experiment at CERN provided simulated data used by physicists to optimize the analysis of the Higgs boson. The Challenge is organized by a small group of ATLAS physicists and data scientists. It is hosted by Kaggle at https://www.kaggle.com/c/higgs-boson. This document provides technical background for the Challenge; reading and understanding it is not necessary to participate in the Challenge, but it is probably useful. No prior knowledge of high energy physics is required. All information on how to participate in the Challenge is available on the Kaggle web site.</subfield>
</datafield>
<datafield tag="516" ind1=" " ind2=" ">
<subfield code="a">The data described in this documentation is available at</subfield>
<subfield code="w">FIX Data link</subfield>
<subfield code="y">Go to the Higgs Machine Learning data</subfield>
</datafield>
<datafield tag="693" ind1=" " ind2=" ">
<subfield code="a">CERN-LHC</subfield>
<subfield code="e">ATLAS</subfield>
</datafield>
<datafield tag="700" ind1=" " ind2=" ">
<subfield code="a">Cowan, Glen</subfield>
</datafield>
<datafield tag="700" ind1=" " ind2=" ">
<subfield code="a">Germain, Cecile</subfield>
</datafield>
<datafield tag="700" ind1=" " ind2=" ">
<subfield code="a">Guyon, Isabelle</subfield>
</datafield>
<datafield tag="700" ind1=" " ind2=" ">
<subfield code="a">Kegl, Balazs</subfield>
</datafield>
<datafield tag="700" ind1=" " ind2=" ">
<subfield code="a">Rousseau, David</subfield>
</datafield>
<datafield tag="980" ind1=" " ind2=" ">
<subfield code="a">FIXME collection</subfield>
</datafield>
<datafield tag="FFT" ind1=" " ind2=" ">
<subfield code="a">http://higgsml.lal.in2p3.fr/files/2014/04/documentation_v1.8.pdf</subfield>
</datafield>
</record>
</collection>
